@incollection{
  Braak95,
  author       = {van de Braak, N.J.}, 
  title        = {Heating equipment},
  booktitle    = {Greenhouse Climate Control: An integrated approach},
  publisher    = {Wageningen Academic Publishers},
  year         = 1995,
  editor       = {Bakker, J.C. and Bot, G.P.A. and Challa, H. and van de Braak, N.J.},
  chapter      = {4.3},
  pages        = {171-179},
  address      = {Wageniningen, Netherlands}
}
@article{
Briere99,
   Author = {Briere, J. and Pracros, P. and Le Roux, A. and Pierre J.},
   Title = {A novel rate model of temperature-dependent development for arthropods},
   Journal = {Environmental Entomology},
   Volume = {28},
   Pages = {22-29},
   Year = {1999} }
@misc{EngToolBoxAirDensity,
  title = {Engineering ToolBox: Air - Density at varying pressure and constant temperatures},
  author = {{Engineering ToolBox}},
  howpublished = {\url{www.engineeringtoolbox.com}},
  note = {Accessed: 2020-02-06}
}
@misc{EngToolBoxHeatingAir,
  title = {Engineering ToolBox: Heating Humid Air},
  author = {{Engineering ToolBox}},
  howpublished = {\url{www.engineeringtoolbox.com}},
  note = {Accessed: 2020-02-06}
}
@article{
FrazerGilbert,
   Author = {Frazer, B.D. and Gilbert, N.},
   Title = {Coccinellids and aphids: A quantitative study of the impact of adult lady birds (Coleoptera: Coccinellidae) preying on field populations of pea aphids (Homoptera: Aphididae)},
   Journal = {Journal of the Entomological Society of British Columbia },
   Volume = {73},
   Pages = {33-56},
   Year = {1976} }

@book{
Guti96,
   Author = {Gutierrez, A. P.},
   Title = {Applied Population Ecology},
   Publisher = {John Wiley \& Sons, Inc.},
   Address = {New York, USA},
   Year = {1996} }

@article{
GutiConc81,
   Author = {Gutierrez, A. P. and Baumgaertner, J. U. and Hagen, K. S.},
   Title = {A conceptual model for growth, development, and reproduction in the ladybird beetle, \emph{Hippodamia convergens} ({C}oleoptera, {C}occinellidae)},
   Journal = {Canadian Entomologist},
   Volume = {113},
   Number = {1},
   Pages = {21-33},
   Year = {1981} }

@article{
Guti84,
   Author = {Gutierrez, A. P. and Baumgaertner, J. U. and Hagen, K. S.},
   Title = {A conceptual model for growth, development, and reproduction in the ladybird beetle, \emph{Hippodamia convergens} ({C}oleoptera, {C}occinellidae)},
   Journal = {Canadian Entomologist},
   Volume = {113},
   Number = {1},
   Pages = {21-33},
   Year = {1981} }

@article{
HolstBelete,
   Author = {Holst, N. and Belete, G. F.},
   Title = {Domain-specific languages for ecological modelling},
   Journal = {Ecological Informatics},
   Volume = {27},
   Pages = {26-38},
   Year = {2015} }

@book{
KeeRoh08,
   Author = {Keeling, M.J. and Rohana, P.},
   Title = {Modeling Infectious Diseases in Humans and Animals},
   Publisher = {Princeton University Press},
   Address = {Princeton and Oxford},
   Year = {2008} }

@article{
Larkin00,
   Author = {Larkin, T. S. and Carruthers, R. I. and Legaspi, B. C.},
   Title = {Two-dimensional distributed delays for simulating two competing biological processes},
   Journal = {Transactions of the Society for Computer Simulation International},
   Volume = {17},
   Number = {1},
   Pages = {25-33},
   Year = {2000} }
@book{
LotkaVolterra,
   author = {Lotka, A.J.},
   title = {Elements of Physical Biology},
   publisher = {Williams and Wilkins},
   address = {Baltimore},
   year = {1925},
   type = {Book}
}

@article{
Manet76,
   Author = {Manetsch, T.J.},
   Title = {Time-varying distributed delays and their use in aggregate models of large systems},
   Journal = {IEEE Transactions on Systems, Man and Cybernetics},
   Volume = {6},
   Pages = {547-553},
   Year = {1976} }
@book{
Marks,
  Editor = {Sadegh, A. and Worek, W.},
  Title = {Marks' Standard Handbook for Mechanical Engineers, 12th Edition},
  Publisher = {McGraw-Hill Education},
  Year = {2017},
  ISBN = {1259588505},
}
@article{
Nielsen08,
   Author = {Nielsen, A.L. and Hamilton, G.C. and Matadha, D.},
   Title = {Developmental rate estimation and life table analysis for \emph{Halyomorpha halys} ({H}emiptera: {P}entatomidae)},
   Journal = {Environmental Entomology},
   Volume = {37},
   Pages = {348-355},
   Year = {2008} }

@book{
Saltelli08,
   author = {Saltelli, A. and Ratto, M. and Andres, T. and Campolongo, F. and Cariboni, J. and Gatelli, D. and Saisana, M. and Tarantola, S.},
   title = {Global Sensitivity Analysis},
   publisher = {John Wiley and Sons, Ltd.},
   address = {Chichester, England},
   year = {2008},
   doi = {10.1002/9780470725184},
   url = {http://www.andreasaltelli.eu/resources},
   type = {Book} }

@article{
Vansick77,
   Author = {Vansickle, J.},
   Title = {Attrition in distributed delay models},
   Journal = {IEEE Transactions on Systems, Man and Cybernetics},
   Volume = {7},
   Pages = {635-638},
   Year = {1977} }
